@book{adams1995hitchhiker,
  title={The Hitchhiker's Guide to the Galaxy},
  author={Adams, D.},
  isbn={9781417642595},
  url={http://books.google.com/books?id=W-xMPgAACAAJ},
  year={1995},
  publisher={San Val}
}
@misc{884argon,
  title = {{National Valve Museum} 884},
  howpublished = {\url{http://www.r-type.org/exhib/aaa0304.htm}},
  note = {Accessed: 2017-09-20},
  author={Wyatt, Allan},
}

@article{IonizationPotentialMain,
author = {L. C. Van Atta and J. E. Meade and E. S. Lamar},
title = {Measurement of an Ionization Potential},
journal = {American Journal of Physics},
volume = {8},
number = {5},
pages = {322-322},
year = {1940},
doi = {10.1119/1.1991599},

URL = { 
        http://dx.doi.org/10.1119/1.1991599
    
},
eprint = { 
        http://dx.doi.org/10.1119/1.1991599
    
}

}
@article{IonizationPotentialMercury,
author = {Trevor R. Cuykendall},
title = {An Advanced Laboratory Experiment on the Ionization Potential of Mercury},
journal = {American Journal of Physics},
volume = {4},
number = {2},
pages = {93-95},
year = {1936},
doi = {10.1119/1.1999079},

URL = { 
        http://dx.doi.org/10.1119/1.1999079
    
},
eprint = { 
        http://dx.doi.org/10.1119/1.1999079
    
}

}



